% I highly recommend using JabRef as your reference manager.

@techreport{MissingSemester,
  author      = {计算机教育中缺失的一课},
  institution = {MIT},
  title       = {MIT Missing Semester - Lecture 6: Version Control (git)},
  year        = {2020}
}